<?xml version="1.0" encoding="UTF-8"?><collection xmlns="http://www.loc.gov/MARC21/slim"><record><leader>00516nam--2200193-i-4500</leader><controlfield tag="001">000020002</controlfield><controlfield tag="002">20161230</controlfield><controlfield tag="005">20170202085525</controlfield><controlfield tag="008">060222s1000------------r-----000-0-eng-d</controlfield><datafield ind1=" " ind2=" " tag="020"><subfield code="a">3540102248</subfield></datafield><datafield ind1=" " ind2=" " tag="040"><subfield code="a">IFIN-HH</subfield></datafield><datafield ind1=" " ind2=" " tag="080"><subfield code="a">512.565</subfield></datafield><datafield ind1="1" ind2=" " tag="100"><subfield code="a">Toda, Morikazu</subfield></datafield><datafield ind1="1" ind2="0" tag="245"><subfield code="a">Theory of Nonlinear Lattices</subfield><subfield code="c">Morikazu Toda</subfield></datafield><datafield ind1=" " ind2=" " tag="260"><subfield code="a">Berlin</subfield><subfield code="b">Springer-Verlag</subfield><subfield code="c">1981</subfield></datafield><datafield ind1=" " ind2=" " tag="300"><subfield code="a">X+203P</subfield></datafield><datafield ind1=" " ind2=" " tag="490"><subfield code="a">Springer Series in Solid-State Sciences</subfield><subfield code="v">Vol. 20</subfield></datafield><datafield ind1=" " ind2=" " tag="852"><subfield code="a">46526</subfield><subfield code="c">539.2</subfield></datafield><datafield ind1=" " ind2=" " tag="CAT"><subfield code="a">SYS</subfield><subfield code="c">20170202</subfield><subfield code="h">085525</subfield></datafield></record></collection>